@misc{tinytapeout,
  title = {{TinyTapeout}},
  howpublished = {\url{https://tinytapeout.com/}},
  note = {Accessed: [Insert access date here]}
}

@misc{github,
  title = {{GitHub}},
  howpublished = {\url{https://github.com/}},
  note = {Accessed: [Insert access date here]}
}

@misc{gds,
  title = {{GDS2 File Format - Zero to ASIC Course}},
  howpublished = {\url{https://www.zerotoasiccourse.com/terminology/gds2/}},
  note = {Accessed: [Insert access date here]}
}

@misc{datasheet,
  title = {{Datasheet PDF - TinyTapeout Repository}},
  howpublished = {\url{https://github.com/TinyTapeout/tinytapeout-02/raw/tt02/datasheet.pdf}},
  note = {Accessed: [Insert access date here]}
}

@misc{tinytapeoutruns,
  title = {{TinyTapeout Runs}},
  howpublished = {\url{https://tinytapeout.com/runs/}},
  note = {Accessed: [Insert access date here]}
}
@misc{wokwi,
  title = {Wokwi},
  howpublished = {\url{https://wokwi.com/}},
  note = {Accessed: [Insert access date here]}
}

@misc{firstshuttle,
  title = {{First Shuttle - TinyTapeout Runs}},
  howpublished = {\url{https://tinytapeout.com/runs/tt01/}},
  note = {Accessed: [Insert access date here]}
}

@misc{googlesponsored,
  title = {{Announcing the GlobalFoundries Open MPW Shuttle Program - Google Open Source Blog}},
  howpublished = {\url{https://opensource.googleblog.com/2022/10/announcing-globalfoundries-open-mpw-shuttle-program.html}},
  note = {Accessed: [Insert access date here]}
}

@misc{efabless,
  title = {{Efabless}},
  howpublished = {\url{https://efabless.com/}},
  note = {Accessed: [Insert access date here]}
}

@misc{verilogtemplate,
  title = {{Verilog Template - TinyTapeout Repository}},
  howpublished = {\url{https://github.com/TinyTapeout/tt06-verilog-template}},
  note = {Accessed: [Insert access date here]}
}

@misc{githubactions,
  title = {{GitHub Actions Documentation}},
  howpublished = {\url{https://docs.github.com/en/actions}},
  note = {Accessed: [Insert access date here]}
}

@misc{iverilog,
  title = {{iVerilog}},
  howpublished = {\url{https://github.com/steveicarus/iverilog/}},
  note = {Accessed: [Insert access date here]}
}

@misc{cocotb,
  title = {{cocotb}},
  howpublished = {\url{https://www.cocotb.org/}},
  note = {Accessed: [Insert access date here]}
}

@misc{automatedtesting,
  title = {{Wokwi Automated Testing - TinyTapeout}},
  howpublished = {\url{https://tinytapeout.com/digital_design/wokwi_automated_testing/}},
  note = {Accessed: [Insert access date here]}
}

@misc{skywaterpdk,
  title = {{Skywater PDK Documentation}},
  howpublished = {\url{https://skywater-pdk.readthedocs.io/en/main/contents/libraries/sky130_fd_sc_hdll/cells/sdfxtp/README.html}},
  note = {Accessed: [Insert access date here]}
}

@misc{updateiodesign,
  title = {{Updating Inputs and Outputs of a Design - TinyTapeout Repository}},
  howpublished = {\url{https://github.com/TinyTapeout/tinytapeout-02/blob/tt02/INFO.md#updating-inputs-and-outputs-of-a-specified-design}},
  note = {Accessed: [Insert access date here]}
}

@misc{caravel,
  title = {{Caravel Harness - Efabless Repository}},
  howpublished = {\url{https://github.com/efabless/caravel}},
  note = {Accessed: [Insert access date here]}
}

@misc{tinytapeoutscan,
  title = {{TinyTapeout Scan - GitHub Repository}},
  howpublished = {\url{https://github.com/jix/tinytapeout_scan}},
  note = {Accessed: [Insert access date here]}
}

@misc{verificationmd,
  title = {{Verification Documentation - TinyTapeout Repository}},
  howpublished = {\url{https://github.com/TinyTapeout/tinytapeout-02/blob/tt02/VERIFICATION.md}},
  note = {Accessed: [Insert access date here]}
}

@misc{sby,
  title = {{SymbiYosys (SBY) - YosysHQ Repository}},
  howpublished = {\url{https://github.com/YosysHQ/sby}},
  note = {Accessed: [Insert access date here]}
}

@misc{cvc,
  title = {{CVC - Verification Documentation - TinyTapeout Repository}},
  howpublished = {\url{https://github.com/TinyTapeout/tinytapeout-02/blob/tt02/VERIFICATION.md#cvc}},
  note = {Accessed: [Insert access date here]}
}

@misc{oshwacertification,
  title = {{Open Source Hardware Certification - TinyTapeout}},
  howpublished = {\url{https://certification.oshwa.org/es000040.html}},
  note = {Accessed: [Insert access date here]}
}

@misc{siliconalive,
  title = {{TT02 Silicon is Alive! - Zero to ASIC Course Blog}},
  howpublished = {\url{https://www.zerotoasiccourse.com/post/tt02-silicon-is-alive/}},
  note = {Accessed: [Insert access date here]}
}

@misc{tinytapeout03p5,
  title = {{TinyTapeout 03p5 - GitHub Repository}},
  howpublished = {\url{https://github.com/TinyTapeout/tinytapeout-03p5}},
  note = {Accessed: [Insert access date here]}
}

@misc{micropython,
  title = {{MicroPython Official Website}},
  howpublished = {\url{https://micropython.org/}},
  note = {Accessed: [Insert access date here]}
}

@misc{demofirmwaretest,
  title = {{Demo Firmware Test Script - TinyTapeout Repository}},
  howpublished = {\url{https://github.com/TinyTapeout/tt3p5-demo-fw/blob/main/tt3p5-test/test.py#L119}},
  note = {Accessed: [Insert access date here]}
}

@misc{tt04demoboard,
  title = {{TT04+ Demoboard PCB - TinyTapeout Repository}},
  howpublished = {\url{https://github.com/TinyTapeout/tt-demo-pcb}},
  note = {Accessed: [Insert access date here]}
}

@misc{pinouts,
  title = {{Pinouts Specifications - TinyTapeout}},
  howpublished = {\url{https://tinytapeout.com/specs/pinouts/}},
  note = {Accessed: [Insert access date here]}
}

@misc{awesomepmods,
  title = {{Awesome TinyTapeout PMODs - GitHub Repository}},
  howpublished = {\url{https://github.com/TinyTapeout/awesome-tinytapeout-pmods}},
  note = {Accessed: [Insert access date here]}
}

@misc{openframe,
  title = {{Caravel Openframe Project}},
  howpublished = {\url{https://github.com/efabless/caravel_openframe_project}},
  note = {Accessed: [Insert access date here]}
}

@misc{transmissiongates,
  title = {{TT05 Analog Test}},
  howpublished = {\url{https://github.com/iic-jku/tt05-analog-test}},
  note = {Accessed: [Insert access date here]}
}
